@Manual{iheiddown,
    title =     {iheiddown: A package for writing IHEID documents in RMarkdown},
    author =    {James Hollway},
    year =      {2021},
    note =      {R package version 0.8.0},
    url =       {https://github.com/jhollway/iheiddown},
}
  